<?xml version="1.0" encoding="UTF-8"?><record xmlns="http://www.loc.gov/MARC21/slim" xmlns:cinclude="http://apache.org/cocoon/include/1.0" xmlns:zs="http://www.loc.gov/zing/srw/">
  <leader>00459nz  a2200121n  4500</leader>
  <controlfield tag="001">n 2006165406</controlfield>
  <controlfield tag="003">DLC</controlfield>
  <controlfield tag="005">20061012075040.0</controlfield>
  <controlfield tag="008">061011n| acannaabn          |n aaa      </controlfield>
  <datafield tag="010" ind1=" " ind2=" ">
    <subfield code="a">n 2006165406</subfield>
  </datafield>
  <datafield tag="040" ind1=" " ind2=" ">
    <subfield code="a">DLC</subfield>
    <subfield code="b">eng</subfield>
    <subfield code="c">DLC</subfield>
  </datafield>
  <datafield tag="100" ind1="1" ind2=" ">
    <subfield code="a">Thompson, Jonathan C.</subfield>
  </datafield>
  <datafield tag="670" ind1=" " ind2=" ">
    <subfield code="a">NUCMC data from Rutherford B. Hayes Presidential Center for Skilton-Davis-Heyman family papers, 1854-1887</subfield>
    <subfield code="b">(Jonathan C. Thompson; Centre, Ohio; correspondence with Alvah Stone Skilton,  1854-1862)</subfield>
  </datafield>
</record>